@article{Almaatouq2021,
  author    = {Almaatouq, Abdullah and Becker, Joshua and Houghton, James P. and Paton, Nicolas and Watts, Duncan J. and Whiting, Mark E.},
  title     = {{Empirica}: A virtual lab for high-throughput macro-level experiments},
  journal   = {Behavior Research Methods},
  year      = {2021},
  volume    = {53},
  number    = {5},
  pages     = {2158--2171},
  doi       = {10.3758/s13428-020-01535-9}
}

@article{Berg1995,
  author    = {Berg, Joyce and Dickhaut, John and McCabe, Kevin},
  title     = {Trust, reciprocity, and social history},
  journal   = {Games and Economic Behavior},
  year      = {1995},
  volume    = {10},
  number    = {1},
  pages     = {122--142},
  doi       = {10.1006/game.1995.1027}
}

@article{Bohnet2004,
  author    = {Bohnet, Iris and Huck, Steffen},
  title     = {Repetition and reputation: {Implications} for trust and trustworthiness when institutions change},
  journal   = {American Economic Review},
  year      = {2004},
  volume    = {94},
  number    = {2},
  pages     = {362--366},
  doi       = {10.1257/0002828041301506}
}

@book{Camerer2003,
  author    = {Camerer, Colin F.},
  title     = {Behavioral game theory: {Experiments} in strategic interaction},
  publisher = {Princeton University Press},
  year      = {2003}
}

@article{Charness2008,
  author    = {Charness, Gary and Cobo-Reyes, Ramon and Jim{\'{e}}nez, Natalia},
  title     = {An investment game with third-party intervention},
  journal   = {Journal of Economic Behavior \& Organization},
  year      = {2008},
  volume    = {68},
  number    = {1},
  pages     = {18--28},
  doi       = {10.1016/j.jebo.2008.02.006}
}

@article{Fiedler2011,
  author    = {Fiedler, Martin and Haruvy, Ernan and Li, Sherry Xin},
  title     = {Social distance in a virtual world experiment},
  journal   = {Games and Economic Behavior},
  year      = {2011},
  volume    = {72},
  number    = {2},
  pages     = {400--426},
  doi       = {10.1016/j.geb.2010.09.004}
}

@article{Gong2019,
  author    = {Gong, Xiaoxiao and Brazil, Inti A. and Chang, Luke J. and Sanfey, Alan G.},
  title     = {Psychopathic traits are related to diminished guilt aversion and reduced trustworthiness during social decision-making},
  journal   = {Scientific Reports},
  year      = {2019},
  volume    = {9},
  number    = {1},
  pages     = {7307},
  doi       = {10.1038/s41598-019-43727-0}
}

@article{Gunnthorsdottir2002,
  author    = {Gunnthorsdottir, Anna and McCabe, Kevin and Smith, Vernon},
  title     = {Using the {Machiavellianism} instrument to predict trustworthiness in a bargaining game},
  journal   = {Journal of Economic Psychology},
  year      = {2002},
  volume    = {23},
  number    = {1},
  pages     = {49--66},
  doi       = {10.1016/S0167-4870(01)00067-8}
}

@article{Ibanez2016,
  author    = {Ib{\'{a}}{\~{n}}ez, Mar{\'{\i}}a I. and Sabater-Grande, Gerardo and Barreda-Tarrazona, Ivan and Mezquita, Laura and L{\'{o}}pez-Ovejero, Sara and Villa, H{\'{e}}ctor and Perakakis, Pandelis and Ortet, Generos and Garc{\'{\i}}a-Gallego, Aurora and Georgantz{\'{\i}}s, Nikolaos},
  title     = {Take the money and run: {Psychopathic} behavior in the trust game},
  journal   = {Frontiers in Psychology},
  year      = {2016},
  volume    = {7},
  pages     = {1866},
  doi       = {10.3389/fpsyg.2016.01866}
}

@incollection{Jones2009,
  author    = {Jones, Daniel N. and Paulhus, Delroy L.},
  title     = {{Machiavellianism}},
  year      = {2009},
  booktitle = {Handbook of individual differences in social behavior},
  editor    = {Leary, Mark R. and Hoyle, Rick H.},
  publisher = {The Guilford Press},
  pages     = {93--108}
}

@article{Matuschek2017,
  author    = {Matuschek, Hannes and Kliegl, Reinhold and Vasishth, Shravan and Baayen, Harald and Bates, Douglas},
  title     = {Balancing {Type I} error and power in linear mixed models},
  journal   = {Journal of Memory and Language},
  year      = {2017},
  volume    = {94},
  pages     = {305--315},
  doi       = {10.1016/j.jml.2017.01.001}
}

@article{Mealey1995,
  author    = {Mealey, Linda},
  title     = {The sociobiology of sociopathy: {An} integrated evolutionary model},
  journal   = {Behavioral and Brain Sciences},
  year      = {1995},
  volume    = {18},
  number    = {3},
  pages     = {523--541},
  doi       = {10.1017/S0140525X00039595}
}

@article{Moshagen2018,
  author    = {Moshagen, Morten and Hilbig, Benjamin E. and Zettler, Ingo},
  title     = {The dark core of personality},
  journal   = {Psychological Review},
  year      = {2018},
  volume    = {125},
  number    = {5},
  pages     = {656--688},
  doi       = {10.1037/rev0000111}
}

@article{Moshagen2020,
  author    = {Moshagen, Morten and Hilbig, Benjamin E. and Zettler, Ingo},
  title     = {The dark core of personality and socially aversive psychopathology},
  journal   = {Journal of Personality},
  year      = {2020},
  volume    = {88},
  number    = {6},
  pages     = {1253--1270},
  doi       = {10.1111/jopy.12577}
}

@article{Rosenberger2019,
  author    = {Rosenberger, Lisa A. and Tsivilis, Dimitris and M{\"{u}}ller, Florian},
  title     = {Fairness norm violations in antisocial offenders during trust games: {A} repeated trust game investigation},
  journal   = {Personality and Individual Differences},
  year      = {2019},
  volume    = {136},
  pages     = {113--121},
  doi       = {10.1016/j.paid.2018.01.007}
}

@misc{Singmann2022,
  author       = {Singmann, Henrik and Bolker, Ben and Westfall, Jake and Aust, Frederik and Ben-Shachar, Mattan S. and Højsgaard, Søren and Fox, John and others},
  title        = {afex: Analysis of Factorial Experiments},
  year         = {2022},
  note         = {R package version 1.1-1},
  url          = {https://CRAN.R-project.org/package=afex}
}

@article{Thielmann2020personality,
  title={Personality and prosocial behavior: A theoretical framework and meta-analysis.},
  author={Thielmann, Isabel and Spadaro, Giuliana and Balliet, Daniel},
  journal={Psychological bulletin},
  volume={146},
  number={1},
  pages={30},
  year={2020},
  publisher={American Psychological Association}
}

@article{Thielmann2019,
  author    = {Thielmann, Isabel and Hilbig, Benjamin E.},
  title     = {No gain without pain: {The} psychological costs of dishonesty},
  journal   = {Journal of Economic Psychology},
  year      = {2019},
  volume    = {71},
  pages     = {126--137},
  doi       = {10.1016/j.joep.2018.06.001}
}

@article{Zettler2021,
  author    = {Zettler, Ingo and Moshagen, Morten and Hilbig, Benjamin E.},
  title     = {Stability and change: {The} {Dark Factor of Personality} shapes dark traits},
  journal   = {Social Psychological and Personality Science},
  year      = {2021},
  volume    = {12},
  number    = {7},
  pages     = {974--983},
  doi       = {10.1177/1948550620953288}
}

@article{Zhao2015,
  author    = {Zhao, Kaiming and Smillie, Luke D.},
  title     = {The role of interpersonal traits in social decision making: {Exploring} sources of behavioral heterogeneity in economic games},
  journal   = {Personality and Social Psychology Review},
  year      = {2015},
  volume    = {19},
  number    = {3},
  pages     = {277--302},
  doi       = {10.1177/1088868314553709}
}