@article{Almaatouq2021,
  author    = {Almaatouq, Abdullah and Becker, Joshua and Houghton, James P. and Paton, Nicolas and Watts, Duncan J. and Whiting, Mark E.},
  title     = {{Empirica}: A virtual lab for high-throughput macro-level experiments},
  journal   = {Behavior Research Methods},
  year      = {2021},
  volume    = {53},
  number    = {5},
  pages     = {2158--2171},
  doi       = {10.3758/s13428-020-01535-9}
}

@article{Berg1995,
  author    = {Berg, Joyce and Dickhaut, John and McCabe, Kevin},
  title     = {Trust, reciprocity, and social history},
  journal   = {Games and Economic Behavior},
  year      = {1995},
  volume    = {10},
  number    = {1},
  pages     = {122--142},
  doi       = {10.1006/game.1995.1027}
}

@article{Bohnet2004,
  author    = {Bohnet, Iris and Huck, Steffen},
  title     = {Repetition and reputation: {Implications} for trust and trustworthiness when institutions change},
  journal   = {American Economic Review},
  year      = {2004},
  volume    = {94},
  number    = {2},
  pages     = {362--366},
  doi       = {10.1257/0002828041301506}
}

@book{Camerer2003,
  author    = {Camerer, Colin F.},
  title     = {Behavioral game theory: {Experiments} in strategic interaction},
  publisher = {Princeton University Press},
  year      = {2003}
}

@article{Charness2008,
  author    = {Charness, Gary and Cobo-Reyes, Ramon and Jim{\'{e}}nez, Natalia},
  title     = {An investment game with third-party intervention},
  journal   = {Journal of Economic Behavior \& Organization},
  year      = {2008},
  volume    = {68},
  number    = {1},
  pages     = {18--28},
  doi       = {10.1016/j.jebo.2008.02.006}
}

@article{DeutchmanSullivan2018,
  title   = {The Dark Triad and framing effects predict selfish behavior in a one-shot Prisoner's Dilemma},
  author  = {Deutchman, Paul and Sullivan, Jessica},
  journal = {PLoS ONE},
  volume  = {13},
  number  = {9},
  pages   = {e0203891},
  year    = {2018},
  doi     = {10.1371/journal.pone.0203891}
}

@article{EvansRevelle2008,
  title   = {Survey and behavioral measurements of interpersonal trust},
  author  = {Evans, Anthony M. and Revelle, William},
  journal = {Journal of Research in Personality},
  volume  = {42},
  number  = {6},
  pages   = {1583--1599},
  year    = {2008},
  doi     = {10.1016/j.jrp.2008.07.011}
}

@article{Fiedler2011,
  author    = {Fiedler, Martin and Haruvy, Ernan and Li, Sherry Xin},
  title     = {Social distance in a virtual world experiment},
  journal   = {Games and Economic Behavior},
  year      = {2011},
  volume    = {72},
  number    = {2},
  pages     = {400--426},
  doi       = {10.1016/j.geb.2010.09.004}
}

@article{Gong2019,
  author    = {Gong, Xiaoxiao and Brazil, Inti A. and Chang, Luke J. and Sanfey, Alan G.},
  title     = {Psychopathic traits are related to diminished guilt aversion and reduced trustworthiness during social decision-making},
  journal   = {Scientific Reports},
  year      = {2019},
  volume    = {9},
  number    = {1},
  pages     = {7307},
  doi       = {10.1038/s41598-019-43727-0}
}

@article{Gunnthorsdottir2002,
  author    = {Gunnthorsdottir, Anna and McCabe, Kevin and Smith, Vernon},
  title     = {Using the {Machiavellianism} instrument to predict trustworthiness in a bargaining game},
  journal   = {Journal of Economic Psychology},
  year      = {2002},
  volume    = {23},
  number    = {1},
  pages     = {49--66},
  doi       = {10.1016/S0167-4870(01)00067-8}
}

@article{HilbigThielmann2025,
  title   = {Toward a (more) parsimonious account of the link between 'dark' personality and social decision-making in economic games},
  author  = {Hilbig, Benjamin E. and Thielmann, Isabel},
  journal = {Judgment and Decision Making},
  volume  = {20},
  year    = {2025}, 
  pages   = {e16}, 
  doi     = {10.1017/jdm.2025.1} 
}

@article{HilbigZettlerMoshagenThielmann2021,
  title   = {Theoretical and empirical dissociations between the Dark Factor of Personality and low Honesty-Humility},
  author  = {Hilbig, Benjamin E. and Zettler, Ingo and Moshagen, Morten and Thielmann, Isabel},
  journal = {Journal of Research in Personality},
  volume  = {95},
  pages   = {104154},
  year    = {2021},
  doi     = {10.1016/j.jrp.2021.104154}
}

@article{Ibanez2016,
  author    = {Ib{\'{a}}{\~{n}}ez, Mar{\'{\i}}a I. and Sabater-Grande, Gerardo and Barreda-Tarrazona, Ivan and Mezquita, Laura and L{\'{o}}pez-Ovejero, Sara and Villa, H{\'{e}}ctor and Perakakis, Pandelis and Ortet, Generos and Garc{\'{\i}}a-Gallego, Aurora and Georgantz{\'{\i}}s, Nikolaos},
  title     = {Take the money and run: {Psychopathic} behavior in the trust game},
  journal   = {Frontiers in Psychology},
  year      = {2016},
  volume    = {7},
  pages     = {1866},
  doi       = {10.3389/fpsyg.2016.01866}
}

@article{JohnsonMislin2011,
  title   = {Trust games: A meta-analysis},
  author  = {Johnson, Noel D. and Mislin, Alexandra A.},
  journal = {Journal of Economic Psychology},
  volume  = {32},
  number  = {5},
  pages   = {865--889},
  year    = {2011},
  doi     = {10.1016/j.joep.2011.05.007}
}

@incollection{Jones2009,
  author    = {Jones, Daniel N. and Paulhus, Delroy L.},
  title     = {{Machiavellianism}},
  year      = {2009},
  booktitle = {Handbook of individual differences in social behavior},
  editor    = {Leary, Mark R. and Hoyle, Rick H.},
  publisher = {The Guilford Press},
  pages     = {93--108},
  address   = {New York, NY}
}

@article{MacyWiller2002,
  title   = {From Factors to Actors: Computational Sociology and Agent-Based Modeling},
  author  = {Macy, Michael W. and Willer, Robert},
  journal = {Annual Review of Sociology},
  volume  = {28},
  pages   = {143--166},
  year    = {2002},
  doi     = {10.1146/annurev.soc.28.110601.141117}
}

@article{Matuschek2017,
  author    = {Matuschek, Hannes and Kliegl, Reinhold and Vasishth, Shravan and Baayen, Harald and Bates, Douglas},
  title     = {Balancing {Type I} error and power in linear mixed models},
  journal   = {Journal of Memory and Language},
  year      = {2017},
  volume    = {94},
  pages     = {305--315},
  doi       = {10.1016/j.jml.2017.01.001}
}

@article{Mealey1995,
  author    = {Mealey, Linda},
  title     = {The sociobiology of sociopathy: {An} integrated evolutionary model},
  journal   = {Behavioral and Brain Sciences},
  year      = {1995},
  volume    = {18},
  number    = {3},
  pages     = {523--541},
  doi       = {10.1017/S0140525X00039595}
}

@article{Moshagen2018,
  author    = {Moshagen, Morten and Hilbig, Benjamin E. and Zettler, Ingo},
  title     = {The dark core of personality},
  journal   = {Psychological Review},
  year      = {2018},
  volume    = {125},
  number    = {5},
  pages     = {656--688},
  doi       = {10.1037/rev0000111}
}

@article{Moshagen2020,
  author    = {Moshagen, Morten and Hilbig, Benjamin E. and Zettler, Ingo},
  title     = {The dark core of personality and socially aversive psychopathology},
  journal   = {Journal of Personality},
  year      = {2020},
  volume    = {88},
  number    = {6},
  pages     = {1253--1270},
  doi       = {10.1111/jopy.12577}
}

@article{MoshagenZettlerHilbig2020Assessment,
  title   = {Measuring the dark core of personality},
  author  = {Moshagen, Morten and Zettler, Ingo and Hilbig, Benjamin E.},
  journal = {Psychological Assessment},
  volume  = {32},
  number  = {2},
  pages   = {182--196},
  year    = {2020},
  doi     = {10.1037/pas0000778}
}

@article{MullerSchwieren2020,
  title   = {Big Five personality factors in the Trust Game},
  author  = {Müller, Julia and Schwieren, Christiane},
  journal = {Journal of Business Economics},
  volume  = {90},
  number  = {1},
  pages   = {37--55},
  year    = {2020},
  doi     = {10.1007/s11573-019-00928-3} 
}

@book{OstromWalker2003,
  editor    = {Ostrom, Elinor and Walker, James},
  title     = {Trust and Reciprocity: Interdisciplinary Lessons from Experimental Research},
  publisher = {Russell Sage Foundation},
  year      = {2003},
  address   = {New York},
  series    = {Russell Sage Foundation Series on Trust},
  isbn      = {0871546477}
}

@article{PaulhusWilliams2002,
  title   = {The Dark Triad of personality: Narcissism, Machiavellianism, and psychopathy},
  author  = {Paulhus, Delroy L. and Williams, Kevin M.},
  journal = {Journal of Research in Personality},
  volume  = {36},
  number  = {6},
  pages   = {556--563},
  year    = {2002},
  doi     = {10.1016/S0092-6566(02)00505-6}
}

@article{Rabiner1989,
  title   = {A tutorial on hidden Markov models and selected applications in speech recognition},
  author  = {Rabiner, Lawrence R.},
  journal = {Proceedings of the IEEE},
  volume  = {77},
  number  = {2},
  pages   = {257--286},
  year    = {1989},
  doi     = {10.1109/5.18626}
}

@article{Rosenberger2019,
  author    = {Rosenberger, Lisa A. and Tsivilis, Dimitris and M{\"{u}}ller, Florian},
  title     = {Fairness norm violations in antisocial offenders during trust games: {A} repeated trust game investigation},
  journal   = {Personality and Individual Differences},
  year      = {2019},
  volume    = {136},
  pages     = {113--121},
  doi       = {10.1016/j.paid.2018.01.007}
}

@misc{Singmann2022,
  author        = {Singmann, Henrik and Bolker, Ben and Westfall, Jake and Aust, Frederik and Ben-Shachar, Mattan S. and Højsgaard, Søren and Fox, John and others},
  title         = {afex: Analysis of Factorial Experiments},
  year          = {2022},
  note          = {R package version 1.1-1},
  url           = {https://CRAN.R-project.org/package=afex}
}

@article{Thielmann2019,
  author    = {Thielmann, Isabel and Hilbig, Benjamin E.},
  title     = {No gain without pain: {The} psychological costs of dishonesty},
  journal   = {Journal of Economic Psychology},
  year      = {2019},
  volume    = {71},
  pages     = {126--137},
  doi       = {10.1016/j.joep.2018.06.001}
}

@article{Thielmann2020personality,
  title={Personality and prosocial behavior: A theoretical framework and meta-analysis.},
  author={Thielmann, Isabel and Spadaro, Giuliana and Balliet, Daniel},
  journal={Psychological bulletin},
  volume={146},
  number={1},
  pages={30--90},
  year={2020},
  publisher={American Psychological Association},
  doi={10.1037/bul0000217} 
  % Updated page range and DOI from previous generation
}

@book{Yamagishi2011,
  title     = {Trust: The Evolutionary Game of Mind and Society},
  author    = {Yamagishi, Toshio},
  year      = {2011},
  publisher = {Springer},
  address   = {New York},
  series    = {Evolutionary Psychology},
  doi       = {10.1007/978-4-431-54005-9},
  isbn      = {978-4-431-54004-2}
}

@article{Zettler2021,
  author    = {Zettler, Ingo and Moshagen, Morten and Hilbig, Benjamin E.},
  title     = {Stability and change: {The} {Dark Factor of Personality} shapes dark traits},
  journal   = {Social Psychological and Personality Science},
  year      = {2021},
  volume    = {12},
  number    = {7},
  pages     = {974--983},
  doi       = {10.1177/1948550620953288}
}

@article{Zhao2015,
  author    = {Zhao, Kaiming and Smillie, Luke D.},
  title     = {The role of interpersonal traits in social decision making: {Exploring} sources of behavioral heterogeneity in economic games},
  journal   = {Personality and Social Psychology Review},
  year      = {2015},
  volume    = {19},
  number    = {3},
  pages     = {277--302},
  doi       = {10.1177/1088868314553709}
}